@article{dau2022waste,
  title={Waste-free sequential monte carlo},
  author={Dau, Hai-Dang and Chopin, Nicolas},
  journal={Journal of the Royal Statistical Society Series B: Statistical Methodology},
  volume={84},
  number={1},
  pages={114--148},
  year={2022},
  publisher={Oxford University Press}
}

@article{quince2017desman,
  title={DESMAN: a new tool for de novo extraction of strains from metagenomes},
  author={Quince, Christopher and Delmont, Tom O and Raguideau, S{\'e}bastien and Alneberg, Johannes and Darling, Aaron E and Collins, Gavin and Eren, A Murat},
  journal={Genome biology},
  volume={18},
  pages={1--22},
  year={2017},
  publisher={Springer}
}

%
%
%
%
%
%

@article{malsiner2017identifying,
  title={Identifying mixtures of mixtures using Bayesian estimation},
  author={Malsiner-Walli, Gertraud and Fr{\"u}hwirth-Schnatter, Sylvia and Gr{\"u}n, Bettina},
  journal={Journal of Computational and Graphical Statistics},
  volume={26},
  number={2},
  pages={285--295},
  year={2017},
  publisher={Taylor \& Francis}}